<?xml version="1.0" encoding="UTF-8"?><collection xmlns="http://www.loc.gov/MARC21/slim"><record><leader>00519nam--2200193-i-4500</leader><controlfield tag="001">000000333</controlfield><controlfield tag="002">20161230</controlfield><controlfield tag="005">20170206083700</controlfield><controlfield tag="008">060222s1000------------r-----000-0-eng-d</controlfield><datafield ind1=" " ind2=" " tag="040"><subfield code="a">IFIN-HH</subfield></datafield><datafield ind1=" " ind2=" " tag="080"><subfield code="a">539.1</subfield></datafield><datafield ind1="1" ind2=" " tag="100"><subfield code="a">Frisch, O.R</subfield></datafield><datafield ind1="1" ind2="0" tag="245"><subfield code="a">Progress in Nuclear Physics</subfield><subfield code="b">Nuclear physics</subfield><subfield code="c">O.R. Frisch (ed.)</subfield></datafield><datafield ind1=" " ind2=" " tag="260"><subfield code="a">Oxford</subfield><subfield code="b">Pergamon Press Ltd</subfield><subfield code="c">1950 - 1964</subfield></datafield><datafield ind1=" " ind2=" " tag="300"><subfield code="a">9 VOLUMES</subfield></datafield><datafield ind1=" " ind2=" " tag="490"><subfield code="a">Progress Series</subfield></datafield><datafield ind1="1" ind2=" " tag="787"><subfield code="a">Volume 9</subfield><subfield code="d">1964</subfield><subfield code="h">310p</subfield></datafield><datafield ind1=" " ind2=" " tag="852"><subfield code="a">10007</subfield><subfield code="c">539</subfield></datafield><datafield ind1=" " ind2=" " tag="CAT"><subfield code="a">SYS</subfield><subfield code="c">20170206</subfield><subfield code="h">083700</subfield></datafield></record></collection>